@article{Smith2002,
  title={Constructing knowledge: The role of graphs and tables in hard and soft psychology.},
  author={Smith, Laurence D and Best, Lisa A and Stubbs, D Alan and Archibald, Andrea Bastiani and Roberson-Nay, Roxann},
  journal={American Psychologist},
  volume={57},
  number={10},
  pages={749},
  year={2002},
  publisher={American Psychological Association}
}
@article{Pham2013,
  title={The seven sins of consumer psychology},
  author={Pham, Michel Tuan},
  journal = {Journal of Consumer Psychology},
  volume = {23},
  number={4},
  pages={411-423},
  year={2013},
  publisher={Elsevier}
}
@article{Correa2019,
  title={Evaluation of Collaborative Consumption of food delivery services through web mining techniques},
  author={Correa, J. C. and Garzón, W. and Brooker, P. and Sakarkar, G. and Carranza, S. and Yunado, L. and Rincón, A.},
  journal={Journal of Retailing and Consumer Services},
  volume={46},
  pages={45--50},
  year={2019}
}
@article{Hayfield2008,
  title={Nonparametric econometrics: The np package},
  author={Hayfield, Tristen and Racine, Jeffrey S and others},
  journal={Journal of statistical software},
  volume={27},
  number={5},
  pages={1--32},
  year={2008},
  publisher={Citeseer}
}
@book{Munzert2014,
  title={Automated data collection with R: A practical guide to web scraping and text mining},
  author={Munzert, Simon and Rubba, Christian and Mei{\ss}ner, Peter and Nyhuis, Dominic},
  year={2014},
  publisher={John Wiley \& Sons},
  address={New York}
}
@article{Taylor2017,
title={How to avoid marketing disasters: back to the basic communications model, but with some updates illustrating the importance of e-word-of-mouth research},
journal={International Journal of Advertising},
volume={36},
number={4},
pages={515-519},
author={Taylor, C.R.},
year={2017},
publisher={Taylor \& Francis}
}
@article{Correa2017,
  title={Ideological consumerism in colombian elections, 2015: Links between political ideology, Twitter activity, and electoral results},
  author={Correa, J. C. and Camargo, J.E.},
  journal={Cyberpsychology, Behavior, and Social Networking},
  volume={20},
  number={1},
  pages={37--43},
  year={2017},
  publisher={Mary Ann Liebert, Inc. 140 Huguenot Street, 3rd Floor New Rochelle, NY 10801 USA}
}